@BOOK {gof,
    author    = "Erich Gamma; Richard Helm; Ralph Johnson; John Vlissides",
    title     = "Elements of Reusable Object-Oriented Software",
    publisher = "Pearon Education",
    year      = "1995"
}
@ONLINE {ds,
    author = "SequeceDiagram.org",
    url    = "http://sequencediagram.org/"
}
